@phdthesis{fielding2000,
  author       = {Roy Thomas Fielding},
  title        = {Architectural Styles and the Design of Network-based Software Architectures},
  school       = {University of California, Irvine},
  year         = {2000},
  type         = {phdthesis},
  address      = {Irvine, CA, USA},
  note         = {Submitted in partial satisfaction of the requirements for the degree of Doctor of Philosophy in Information and Computer Science},
  keywords     = {english},
}

@online{grafana,
  title = {Introduction to Grafana},
  url = {https://grafana.com/docs/grafana/latest/introduction/}
}

@online{zipkin,
  title = {Zipkin},
  url = {https://github.com/openzipkin/zipkin}
}

@online{prometheus,
  title = {Prometheus},
  url = {https://github.com/prometheus/prometheus}
}

@online{postgresql,
  title = {PostgreSQL},
  url = {https://www.postgresql.org/},
}

@online{maven,
  title = {Apache Maven},
  url = {https://en.wikipedia.org/wiki/Apache_Maven}
}

@online{intellij,
  title = {IntelliJ IDEA},
  url = {https://www.jetbrains.com/idea/}
}

@online{java,
  title = {Java (Programming Language)},
  url = {https://en.wikipedia.org/wiki/Java_(programming_language)}
}

@online{jvm,
  title = {Understanding Java Virtual Machine (JVM) Architecture},
  url = {https://medium.com/java-for-beginners/understanding-java-virtual-machine-jvm-architecture-e68d1c611026}
}

@online{ossph,
  author = {Opensource Solutions Philippines Corporation},
  title = {10 Programming Principles Every Software Developer Should Know},
  url = {https://blog.ossph.org/programming-principles-every-developer-should-know/}
}
